\bibitem{viotti} Claudio Viotti, Maurizio Quadrio and Paolo Luchini, ''Streamwise oscillation of spanwise velocity at the wall of a channel for turbulent drag reduction''. \emph{Physics of Fluids 21}, 115109, 2009.
\bibitem{indra} Indra Yudisthira, ''Turbulent Structures and the Formation of Drag in a Turbulent Boundary Layer''
\bibitem{JB} John J. Bertin and Russell M. Cummings,\emph{Aerodynamics for Engineers, 5th edition.} Prentice Hall, 2009.
\bibitem{JA} John D. Anderson Jr., \emph{Fundamentals of Aerodynamics, 4th edition.} McGraw-Hill, 2007.  
\bibitem{PK} Pijush K. Kundu and Ira M. Cohen, \emph{Fluid Mechanics, 3rd edition.} Elsevier, 2004.
\bibitem{Wiki} \emph{Computational Fluid Dynamics}. \url{http://en.wikipedia.org/wiki/Computational_fluid_dynamics} (Last visited on 6 September 2010)
\bibitem{FVM} \emph{Finite volume}. \url{http://www.cfd-online.com/Wiki/Finite_volume} (Last visited on 28 September 2010).
\bibitem{FEM} \emph{Finite element method}. \url{http://en.wikipedia.org/wiki/Finite_element_method} (Last visited on 28 September 2010).
\bibitem{parviz} Parviz Moin and Krishnan Mahesh. ''Direct Numerical Simulation: A Tool in Turbulence research''. \emph{Annual Review in Fluid Mech.}, 30:539-78, 1998.
\bibitem{ferziger} Joel H Ferziger and Milovan Peric, \emph{Computational Mehods for Fluid Dynamics 3rd edition}. Springer, 2002.
\bibitem{chung} Chung T. J., \emph{Computational Fluid Dynamics}. Cambridge University Press, 2002.
\bibitem{canuto} C. Canuto, M. Y. Husaini, A. Quarteroni, T. A. Zang, \emph{Spectral Methods: Fundamentals in Single Domains}. Springer, 2006.
\bibitem{boyd} J. P. Boyd, \emph{Chebysev and Fourier Spectral Methods, 2nd edition}. Dover Publications, 2001.
\bibitem{Simson} Mattias Chevalier, Philipp Schlatter, Anders Lundbladh and Dan S. Henningson, ''Simson User Guide v4.0'', Stockholm, Sweden, Technical Report, 2007.
\bibitem{Jung} W. J. Jung, N. Mangiavacchi, and R. Akhavan, ''Suppresion of turbulence in wall-bounded flows by high-frequency spanwise oscillations'', \emph{Physics of Fluid A: Fluid Dynamics}, vol. 4, no. 8, pp. 1605 -- 1607, 1992. 


@article{viotti
author = "Claudio Viotti, Maurizio Quadrio and Paolo Luchini"
title = "Streamwise oscillation of spanwise velocity at the wall of a channel for turbulent drag reduction"
journal = "Physics of Fluids 21"
year = 2009
}

@article{indra
author = "Indra Yudhistira"
title = "Turbulent Structures and the Formation of Drag in a Turbulent Boundary Layer"
year = 2009
}


